@article{Ver_Impulse,
	author = {Верещагин, А. С. and Верещагин, С. Н. and Фомин, В. М.},
	journal = {Прикладная механика и техническая физика},
	language = {russian},
	number = {48},
	pages = {92–102},
	title = {{Математическое моделирование движения импульса концентрации гелия по колонке, заполненной ценосферами}},
	volume = {3},
	year = {2007}
}

@article{Ver_Disp,
	author = {Верещагин, А. С. and Казанин, И. В. and Зиновьев, В. Н. and Пак, А. Ю. and Фомина, А. Ф. and Лебига, В. А. and Фомин, В. М.},
	journal = {Прикладная механики и техническая физика},
	language = {russian},
	number = {2},
	pages = {88–96},
	title = {{Математическая модель проницаемости микросфер с учетом их дисперсионного распределения}},
	volume = {54},
	year = {2013}
}

@article{Ver_Norm_Dist,
	author = {Верещагин, А. С.},
	edition = {Новосиб. гос. ун-т: Новосибирск},
	journal = {Вестник НГУ. Серия: Физика},
	language = {russian},
	number = {2},
	pages = {24–27},
	title = {{Оценка влияния дисперсии нормального распределения радиуса полости на моделирование процесса поглощения гелия микросферами}},
	volume = {6},
	year = {2011}
}

@article{Ver_Est_Perm,
	author = {Верещагин, А. С. and Зиновьев, В. Н. and Фомин, В. М. and Лебига, В. А. and Пак, А. Ю. and Фомина, А. Ф. and Казанин, И. В.},
	journal = {Вестник НГУ. Серия: Физика},
	language = {russian},
	number = {2},
	pages = {8–16},
	publisher = {Новосиб. гос. ун-т. Новосибирск},
	title = {{Оценка коэффициента проницаемости стенок микросфер}},
	volume = {5},
	year = {2010}
}

@article{Ver_GeneralModel,
	author = {Верещагин, А. С. and Фомин, В. М.},
	journal = {Прикладная механика и техническая физика},
	language = {russian},
	number = {5},
	pages = {5-17},
	title = {{Математическая модель движения смеси газов и полых избирательно проницаемых микросфер}},
	volume = {56},
	year = {2015}
}

@article{Ver_Nauka,
	author = {Верещагин, А. С.},
	journal = {Наука из первых рук},
	language = {russian},
	pages = {32–37},
	title = {{Стеклянные шарики для солнечного газа}},
	volume = {5},
	year = {2010}
}

%@ARTICLE{vakbib1,
%  author = {Фамилия, И. О.},
%  title = {Название статьи},
%  journal = {Журнал},
%  year = {2013},
%  volume = {1},
%  number = {5},
%  pages = {100--120},
%  language = {russian},
%}
%
%@ARTICLE{vakbib2,
%  author = {Фамилия, И. О.},
%  title = {Название статьи},
%  journal = {Журнал},
%  year = {2014},
%  volume = {1},
%  number = {5},
%  pages = {100--120},
%  language = {russian},
%}
