@comment{x-kbibtex-encoding=utf-8}

@book{Fastovskii,
	author={Фастовский, В. Г. and Ровинский, А. Е. and Петровский, Ю. В.},
	title = {Инертные газы},
	edition = {Изд. 2-е},
	address = {М.},
	publisher = {Атомиздат},
	year = {1972},
	numpages = {352},
	language = {russian}
}

@article{Yakuceni_Helium,
	author = {Якуцени, В. П.},
	title = {Традиционные и перспективные области применения гелия},
	journal = {Нефтегазовая геология. Теория и практика},
	year = {2009},
	volume = {4},
	number = {1},
	pages = {1–13},
	language = {russian}
}

@article{Yakuceni_Material_Base,
	author = {Якуцени, В. П.},
	title = {Сырьевая база гелия в мире и перспективы развития гелиевой промышленности},
	journal = {Нефтегазовая геология. Теория и практика},
	year = {2014},
	volume = {4},
	number = {2},
	pages = {1–24},
	language = {russian}
}

@article{Yakuceni_USA,
	author = {Якуцени, В. П.},
	title = {Историко-аналитический обзор законодательного обеспечения эффективного использования и сохранения ресурсов гелия в США },
	journal = {Нефтегазовая геология. Теория и практика},
	year = {2008},
	volume = {3},
	number = {4},
	pages = {1–9},
	language = {russian}
}

@article{Tsugawa,
	author = {Tsugawa, R. T. and Moen, I. and Roberts, P. E. and Souers, P. C.},
	journal = {Journal of Applied Physics},
	language = {english},
	number = {5},
	pages = {1987–1993},
	title = {Permeation of helium and hydrogen from glass-microsphere laser targets},
	volume = {47},
	year = {1976}
}

@article{Rakhmatulin,
	author = {Рахматулин, Х. А.},
	journal = {Прикладная математика и механика},
	title = {Основы газодинамики взаимопроникающих движений сжимаемых сред},
	language = {russian},
	volume = {20},
	number = {2},
	pages = {184-195},
	year = {1956}	
}	

@article{ICCT_cenosphere_permeation,
	author = {Фоменко, Е. В. and Аншиц, Н. Н. and Панкова, М. В. and Соловьев, Л. А. and Верещагин, С. Н. and Аншиц, А. Г. and Фомин, В. М.},
	journal = {Доклады Академии наук},
	language = {russian},
	number = {5},
	pages = {640–642},
	title = {{Гелиевая проницаемость микросферических мембран на основе муллитизированных ценосфер}},
	volume = {435},
	year = {2010}
}

@article{ICCT_Ver_Cenosphere_Perm,
	author = {Черных, Я. Ю. and Верещагин, С. Н.},
	issn = {1998-2836},
	journal = {Журнал Сибирского федерального университета. Серия: Химия},
	language = {russian},
	number = {2},
	pages = {137–147},
	publisher = {Сибирский федеральный университет},
	title = {{Исследование гелиевой проницаемости узкой фракции ценосфер энергетических зол}},
	volume = {4},
	year = {2011}
}

@article{Ver_Kurteeva,
	author = {Верещагин, С. Н. and Куртеева, Л. И. and Аншиц, А. Г.},
	journal = {Химия в интересах устойчивого развития},
	language = {russian},
	pages = {529–536},
	title = {{Содержание частиц различного размера и плотности в концентратах ценосфер летучих зол от сжигания углей Кузнецкого бассейна}},
	volume = {16},
	year = {2008}
}

@article{Argunova_Sorokin,
	author = {С., Аргунова Т. and {Л. М.}, Сорокин and {Б. З.}, Певзнер and {Б. С.}, Балицкий and {М. А.}, Ганнибал and {J. H.}, Je and Y., Hwu and W.-L., Tsai},
	journal = {Физика твердого тела},
	language = {russian},
	number = {10},
	pages = {1818–1824},
	title = {{Влияние дефектов кристаллической структуры на диффузию гелия в кварце}},
	volume = {45},
	year = {2003}
}

@book{Kizil,
	author = {Кизильштейн, Я. Л. and В., Дубов И. and Л., Шпицглуз А. and Г., Парада С.},
	booktitle = {Компоненты зол и шлаков ТЭС},
	isbn = {5-283-021135-1},
	language = {russian},
	publisher = {М.: Энергоатомиздат},
	title = {{Компоненты зол и шлаков ТЭС}},
	year = {1995}
}

@book{Loic,
	author = {Лойцянский, Л. Г.},
	booktitle = {{Механика жидкости и газа}},
	edition = {7-е изд., испр.},
	isbn = {5-7107-6327-6},
	language = {russian},
	publisher = {М.: Дрофа},
	title = {{Механика жидкости и газа}},
	year = {2003}
}

@book{Abdurashitov,
	author = {Абдурашитов, С. А. and Тупиченков, А. А. and Вершинин, И. М. and Тененгольц, С. М.},
	booktitle = {Насосы и компрессоры},
	language = {russian},
	publisher = {М., "Недра"},
	title = {Насосы и компрессоры},
	year = {1974}
}

@article{Andreev,
	author = {Андреев, И. Л.},
	journal = {Хим. нефт. машиностр},
	language = {russian},
	pages = {16–22},
	title = {Гелиевая промышленность в России и мировой опыт создания и эксплуатации гелиевого оборудования},
	volume = {2},
	year = {1995}
}

@article{Andreev2,
	author = {Андреев, И. Л.},
	journal = {Вестн. АН СССР},
	language = {russian},
	pages = {27–31},
	title = {{Установки для получения гелия из бедного сырья}},
	volume = {9},
	year = {1980}
}

@book{Kelcev,
	author = {Кельцев, Н. В.},
	booktitle = {{Основы адсорбционной техники}},
	language = {russian},
	publisher = {М., Химия},
	title = {{Основы адсорбционной техники}},
	year = {1984}
}

@article{Shum,
	author = {Шумяцкий, Ю. И. and Кандыбин, А. И.},
	journal = {Росс. хим. журн.},
	language = {russian},
	number = {6},
	pages = {148–153},
	title = {{Процессы очистки и разделения газов по методу короткоцикловой безнагревной адсорбции (российский опыт)}},
	volume = {39},
	year = {1995}
}

@article{Simonenko,
	author = {Симоненко, Ю. М. },
	journal = {Холодильная техника и технология},
	language = {russian},
	number = {2},
	pages = {64--70},
	title = {Криогенные методы получения гелия из атмосферы},
	volume = {50},
	doi = {10.15673/0453-8307.2/2014.32631},
	year = {2014}
}

@book{Ditner,
	author = {Дытнерский, Ю. И. and Брыков, В. П. and Каграманов, Г. Г.},
	booktitle = {Мембранное разделение газов},
	language = {russian},
	publisher = {М., Химия},
	title = {Мембранное разделение газов},
	year = {1991}
}

@book{Nigm1,
	author = {Нигматулин, Р. И.},
	booktitle = {{Динамика многофазных сред}},
	language = {russian},
	publisher = {М.: Наука. Гл. ред. физ-мат лит.},
	title = {{Динамика многофазных сред. Часть I.}},
	year = {1987}
}

@book{Nigm2,
	author = {Нигматулин, Р. И.},
	booktitle = {Динамика многофазных сред},
	language = {russian},
	publisher = {М.: Наука. Гл. ред. физ-мат лит.},
	title = {Динамика многофазных сред. Часть II.},
	year = {1987}
}

@book{Nigm_Course,
	author = {Нигматулин, Р. И.},
	booktitle = {Механика сплошной среды. Кинематика. Динамика. Термодинамика. Статистическая динамика},
	language = {russian},
	address = {М.},
	publisher = {ГЭОТАР-Медиа},
	title = {Механика сплошной среды. Кинематика. Динамика. Термодинамика. Статистическая динамика},
	year = {2014},
	numpages={640}
}


@book{Nikoloaevskii,
	author = {Николаевский, В. Н.},
	language = {russian},
	address = {М.},
	publisher = {АН СССР},
	title = {Пространственное осреднение и теория турбулентности},
	year = {1961},
	numpages={69}
}

@book{Nikoloaevskii2,
	author = {Николаевский, В. Н.},
	language = {russian},
	address = {М.-Ижевск},
	publisher = {НИЦ <<Регулярная и хаотическая динамика>>, Итститут компьтерных исследований},
	title = {Собрание трудов. Геомеханика. Том 2. Земная кора. Нелинейная сейсмика. Вихри и ураганы},
	year = {2010},
	numpages={560}
}

@book{Volkov,
	author = {Волков, К. Н. and Емельянов, Н. В.},
	booktitle = {{Течение газа с частицами}},
	isbn = {978-5-9221-1000-6},
	language = {russian},
	pages = {600},
	publisher = {М.: Физматлит},
	title = {{Течение газа с частицами}},
	year = {2008}
}

@book{Yanenko,
	author = {Яненко, Н. Н. and Солоухин, Р. И. and Папырин, А. Н. and Фомин, В. М.},
	booktitle = {Сверхзвуковые двухфазные течения в условиях скоростной неравновесности частиц},
	language = {russian},
	publisher = {Новосибирск, <<Наука>>},
	title = {Сверхзвуковые двухфазные течения в условиях скоростной неравновесности частиц},
	year = {1980}
}

@book{Whitaker,
	author = {Whitaker, S.},
	booktitle = {{The Method of Volume Averaging}},
	pages = {220},
	publisher = {Springer Science+Business Media Dordrecht},
	title = {The Method of Volume Averaging},
	year = {1999}
}

@book{Kisilev,
	author = {Кисилев, С. П. and Руев, Г. А. and Трунев, А. П. and Фомин, В. М. and Шавалиев, М. Ш.},
	booktitle = {Ударно-волновые процессы в двухкомпонентых и двухфазных средах},
	language = {russian},
	pages = {261},
	publisher = {Новосибирск: ВО <<Наука>>, Сибирская издательская фирма},
	title = {Ударно-волновые процессы в двухкомпонентых и двухфазных средах},
	year = {1992}
}

@online{GeliyMash_OG-1000,
	title={ОГ-1000 - Ожижитель гелия},
	medium={Электронный ресурс},
	url = {http://geliymash.ru/products/kriogennye-gelievye-ozhizhiteli-i-refrizheratory-/og-1000.php},
	urldate = {10.08.2017},
	language = {russian}
}

@book{Stepanov_Avtoreferat,
	title={Оптимизационные технико-экономические исследования энерготехнологических установок производства СПГ и электроэнергии с извлечением гелия},
	author={Степанов, В. В.},
	address = {Ирк.},
	year = {2009},
	url = {http://dlib.rsl.ru/viewer/01003472846},
	urldate = {11.08.2017},
	numpages = {26},
	language = {russian}
}


@book{Kryukov,
	title={Комплексный реинжиниринг процессов хозяйственного освоения
	ресурсов гелия на Востоке России},
	author={Крюков, В. А. and Силкин, В. Ю. and Токарев, А. Н. and Шмат В. В.},
	address = {Новосибирск},
	publisher = {ИЭОПП СО РАН},
	year = {2012},
	numpages = {184},
	language = {russian}
}


